<?xml version="1.0" encoding="UTF-8"?><record xmlns="http://www.loc.gov/MARC21/slim" xmlns:cinclude="http://apache.org/cocoon/include/1.0" xmlns:zs="http://www.loc.gov/zing/srw/">
  <leader>00585nz  a2200169n  4500</leader>
  <controlfield tag="001">nb2014017739</controlfield>
  <controlfield tag="003">DLC</controlfield>
  <controlfield tag="005">20140805050907.0</controlfield>
  <controlfield tag="008">140804n| azannaabn          |n aaa      </controlfield>
  <datafield tag="010" ind1=" " ind2=" ">
    <subfield code="a">nb2014017739</subfield>
  </datafield>
  <datafield tag="035" ind1=" " ind2=" ">
    <subfield code="a">(Uk)009100063</subfield>
  </datafield>
  <datafield tag="040" ind1=" " ind2=" ">
    <subfield code="a">Uk</subfield>
    <subfield code="b">eng</subfield>
    <subfield code="e">rda</subfield>
    <subfield code="c">Uk</subfield>
  </datafield>
  <datafield tag="100" ind1="1" ind2=" ">
    <subfield code="a">Gopakumar, V.</subfield>
  </datafield>
  <datafield tag="372" ind1=" " ind2=" ">
    <subfield code="a">Academic libraries</subfield>
    <subfield code="2">lcsh</subfield>
  </datafield>
  <datafield tag="373" ind1=" " ind2=" ">
    <subfield code="a">Goa University</subfield>
    <subfield code="2">naf</subfield>
  </datafield>
  <datafield tag="374" ind1=" " ind2=" ">
    <subfield code="a">Academic librarians</subfield>
    <subfield code="2">lcsh</subfield>
  </datafield>
  <datafield tag="670" ind1=" " ind2=" ">
    <subfield code="a">Distance learning library services, 2014:</subfield>
    <subfield code="b">t.p. (Dr Gopakumar V.) jacket (works as University Librarian at Goa University; 30 years experience in Library and Information Science)</subfield>
  </datafield>
</record>